@misc{THUMOS15,
   author = "Gorban, A. and Idrees, H. and Jiang, Y.-G. and Roshan Zamir, A. and Laptev,
   I. and Shah, M. and Sukthankar, R.",
   title = "{THUMOS} Challenge: Action Recognition with a Large
   Number of Classes",
   howpublished = "\url{http://www.thumos.info/}",
   Year = {2015}
}

@inproceedings{UCF101,
   author = {Soomro, K. and Roshan Zamir, A. and Shah, M.},
   booktitle = {CRCV-TR-12-01},
   title = {{UCF101}: A Dataset of 101 Human Actions Classes From
   Videos in The Wild},
   year = {2012}}